%YAML 1.1
%TAG !u! tag:unity3d.com,2011:
--- !u!1 &4475727240388145619
GameObject:
  m_ObjectHideFlags: 0
  m_CorrespondingSourceObject: {fileID: 0}
  m_PrefabInstance: {fileID: 0}
  m_PrefabAsset: {fileID: 0}
  serializedVersion: 6
  m_Component:
  - component: {fileID: 7732006989134247398}
  m_Layer: 0
  m_Name: MASTERPLAYER
  m_TagString: MasterPlayer
  m_Icon: {fileID: 0}
  m_NavMeshLayer: 0
  m_StaticEditorFlags: 0
  m_IsActive: 1
--- !u!4 &7732006989134247398
Transform:
  m_ObjectHideFlags: 0
  m_CorrespondingSourceObject: {fileID: 0}
  m_PrefabInstance: {fileID: 0}
  m_PrefabAsset: {fileID: 0}
  m_GameObject: {fileID: 4475727240388145619}
  serializedVersion: 2
  m_LocalRotation: {x: 0, y: 0, z: 0, w: 1}
  m_LocalPosition: {x: 0, y: 0, z: 0}
  m_LocalScale: {x: 1, y: 1, z: 1}
  m_ConstrainProportionsScale: 0
  m_Children:
  - {fileID: 1500656584093365221}
  - {fileID: 59976002419386259}
  - {fileID: 4328941298661242305}
  - {fileID: 5984461146925402656}
  m_Father: {fileID: 0}
  m_LocalEulerAnglesHint: {x: 0, y: 0, z: 0}
--- !u!1 &5713194902915544446
GameObject:
  m_ObjectHideFlags: 0
  m_CorrespondingSourceObject: {fileID: 0}
  m_PrefabInstance: {fileID: 0}
  m_PrefabAsset: {fileID: 0}
  serializedVersion: 6
  m_Component:
  - component: {fileID: 4328941298661242305}
  - component: {fileID: 7869910675949450061}
  - component: {fileID: 709477178561248251}
  - component: {fileID: 8490924042101934209}
  - component: {fileID: 4456155997057231463}
  m_Layer: 0
  m_Name: Main Camera
  m_TagString: MainCamera
  m_Icon: {fileID: 0}
  m_NavMeshLayer: 0
  m_StaticEditorFlags: 0
  m_IsActive: 1
--- !u!4 &4328941298661242305
Transform:
  m_ObjectHideFlags: 0
  m_CorrespondingSourceObject: {fileID: 0}
  m_PrefabInstance: {fileID: 0}
  m_PrefabAsset: {fileID: 0}
  m_GameObject: {fileID: 5713194902915544446}
  serializedVersion: 2
  m_LocalRotation: {x: 0.5, y: -0, z: -0, w: 0.8660254}
  m_LocalPosition: {x: -3.6709633, y: 9.660257, z: -7.25883}
  m_LocalScale: {x: 1, y: 1, z: 1}
  m_ConstrainProportionsScale: 0
  m_Children: []
  m_Father: {fileID: 7732006989134247398}
  m_LocalEulerAnglesHint: {x: 45, y: 0, z: 0}
--- !u!20 &7869910675949450061
Camera:
  m_ObjectHideFlags: 0
  m_CorrespondingSourceObject: {fileID: 0}
  m_PrefabInstance: {fileID: 0}
  m_PrefabAsset: {fileID: 0}
  m_GameObject: {fileID: 5713194902915544446}
  m_Enabled: 1
  serializedVersion: 2
  m_ClearFlags: 2
  m_BackGroundColor: {r: 0, g: 0, b: 0, a: 0}
  m_projectionMatrixMode: 1
  m_GateFitMode: 2
  m_FOVAxisMode: 0
  m_Iso: 200
  m_ShutterSpeed: 0.005
  m_Aperture: 16
  m_FocusDistance: 10
  m_FocalLength: 20.78461
  m_BladeCount: 5
  m_Curvature: {x: 2, y: 11}
  m_BarrelClipping: 0.25
  m_Anamorphism: 0
  m_SensorSize: {x: 36, y: 24}
  m_LensShift: {x: 0, y: 0}
  m_NormalizedViewPortRect:
    serializedVersion: 2
    x: 0
    y: 0
    width: 1
    height: 1
  near clip plane: 0.3
  far clip plane: 1000
  field of view: 60.000004
  orthographic: 0
  orthographic size: 5
  m_Depth: -1
  m_CullingMask:
    serializedVersion: 2
    m_Bits: 4294967295
  m_RenderingPath: -1
  m_TargetTexture: {fileID: 0}
  m_TargetDisplay: 0
  m_TargetEye: 3
  m_HDR: 1
  m_AllowMSAA: 1
  m_AllowDynamicResolution: 0
  m_ForceIntoRT: 0
  m_OcclusionCulling: 1
  m_StereoConvergence: 10
  m_StereoSeparation: 0.022
--- !u!81 &709477178561248251
AudioListener:
  m_ObjectHideFlags: 0
  m_CorrespondingSourceObject: {fileID: 0}
  m_PrefabInstance: {fileID: 0}
  m_PrefabAsset: {fileID: 0}
  m_GameObject: {fileID: 5713194902915544446}
  m_Enabled: 1
--- !u!114 &8490924042101934209
MonoBehaviour:
  m_ObjectHideFlags: 0
  m_CorrespondingSourceObject: {fileID: 0}
  m_PrefabInstance: {fileID: 0}
  m_PrefabAsset: {fileID: 0}
  m_GameObject: {fileID: 5713194902915544446}
  m_Enabled: 1
  m_EditorHideFlags: 0
  m_Script: {fileID: 11500000, guid: a79441f348de89743a2939f4d699eac1, type: 3}
  m_Name: 
  m_EditorClassIdentifier: 
  m_RenderShadows: 1
  m_RequiresDepthTextureOption: 2
  m_RequiresOpaqueTextureOption: 2
  m_CameraType: 0
  m_Cameras: []
  m_RendererIndex: -1
  m_VolumeLayerMask:
    serializedVersion: 2
    m_Bits: 1
  m_VolumeTrigger: {fileID: 0}
  m_VolumeFrameworkUpdateModeOption: 2
  m_RenderPostProcessing: 1
  m_Antialiasing: 0
  m_AntialiasingQuality: 2
  m_StopNaN: 0
  m_Dithering: 0
  m_ClearDepth: 1
  m_AllowXRRendering: 1
  m_AllowHDROutput: 1
  m_UseScreenCoordOverride: 0
  m_ScreenSizeOverride: {x: 0, y: 0, z: 0, w: 0}
  m_ScreenCoordScaleBias: {x: 0, y: 0, z: 0, w: 0}
  m_RequiresDepthTexture: 0
  m_RequiresColorTexture: 0
  m_Version: 2
  m_TaaSettings:
    quality: 3
    frameInfluence: 0.1
    jitterScale: 1
    mipBias: 0
    varianceClampScale: 0.9
    contrastAdaptiveSharpening: 0
--- !u!114 &4456155997057231463
MonoBehaviour:
  m_ObjectHideFlags: 0
  m_CorrespondingSourceObject: {fileID: 0}
  m_PrefabInstance: {fileID: 0}
  m_PrefabAsset: {fileID: 0}
  m_GameObject: {fileID: 5713194902915544446}
  m_Enabled: 1
  m_EditorHideFlags: 0
  m_Script: {fileID: 11500000, guid: 72ece51f2901e7445ab60da3685d6b5f, type: 3}
  m_Name: 
  m_EditorClassIdentifier: 
  m_ShowDebugText: 0
  m_ShowCameraFrustum: 1
  m_IgnoreTimeScale: 0
  m_WorldUpOverride: {fileID: 0}
  m_UpdateMethod: 2
  m_BlendUpdateMethod: 1
  m_DefaultBlend:
    m_Style: 1
    m_Time: 2
    m_CustomCurve:
      serializedVersion: 2
      m_Curve: []
      m_PreInfinity: 2
      m_PostInfinity: 2
      m_RotationOrder: 4
  m_CustomBlends: {fileID: 0}
  m_CameraCutEvent:
    m_PersistentCalls:
      m_Calls: []
  m_CameraActivatedEvent:
    m_PersistentCalls:
      m_Calls: []
--- !u!1 &6867802767458440722
GameObject:
  m_ObjectHideFlags: 0
  m_CorrespondingSourceObject: {fileID: 0}
  m_PrefabInstance: {fileID: 0}
  m_PrefabAsset: {fileID: 0}
  serializedVersion: 6
  m_Component:
  - component: {fileID: 5984461146925402656}
  - component: {fileID: 7441893610173042355}
  - component: {fileID: 6319441520312237765}
  - component: {fileID: 22314766838930224}
  m_Layer: 0
  m_Name: Virtual Camera
  m_TagString: Untagged
  m_Icon: {fileID: 0}
  m_NavMeshLayer: 0
  m_StaticEditorFlags: 0
  m_IsActive: 1
--- !u!4 &5984461146925402656
Transform:
  m_ObjectHideFlags: 0
  m_CorrespondingSourceObject: {fileID: 0}
  m_PrefabInstance: {fileID: 0}
  m_PrefabAsset: {fileID: 0}
  m_GameObject: {fileID: 6867802767458440722}
  serializedVersion: 2
  m_LocalRotation: {x: 0.5, y: 0, z: 0, w: 0.8660254}
  m_LocalPosition: {x: -3.6709619, y: 9.6602545, z: -5.04}
  m_LocalScale: {x: 1, y: 1, z: 1}
  m_ConstrainProportionsScale: 0
  m_Children:
  - {fileID: 510284223384816139}
  m_Father: {fileID: 7732006989134247398}
  m_LocalEulerAnglesHint: {x: 60, y: 0, z: 0}
--- !u!114 &7441893610173042355
MonoBehaviour:
  m_ObjectHideFlags: 0
  m_CorrespondingSourceObject: {fileID: 0}
  m_PrefabInstance: {fileID: 0}
  m_PrefabAsset: {fileID: 0}
  m_GameObject: {fileID: 6867802767458440722}
  m_Enabled: 1
  m_EditorHideFlags: 0
  m_Script: {fileID: 11500000, guid: 45e653bab7fb20e499bda25e1b646fea, type: 3}
  m_Name: 
  m_EditorClassIdentifier: 
  m_ExcludedPropertiesInInspector:
  - m_Script
  m_LockStageInInspector: 
  m_StreamingVersion: 20170927
  m_Priority: 10
  m_StandbyUpdate: 2
  m_LookAt: {fileID: 0}
  m_Follow: {fileID: 1500656584093365221}
  m_Lens:
    FieldOfView: 60.000004
    OrthographicSize: 5
    NearClipPlane: 0.3
    FarClipPlane: 1000
    Dutch: 0
    ModeOverride: 0
    LensShift: {x: 0, y: 0}
    GateFit: 2
    FocusDistance: 10
    m_SensorSize: {x: 1, y: 1}
  m_Transitions:
    m_BlendHint: 0
    m_InheritPosition: 0
    m_OnCameraLive:
      m_PersistentCalls:
        m_Calls: []
  m_LegacyBlendHint: 0
  m_ComponentOwner: {fileID: 510284223384816139}
--- !u!114 &6319441520312237765
MonoBehaviour:
  m_ObjectHideFlags: 0
  m_CorrespondingSourceObject: {fileID: 0}
  m_PrefabInstance: {fileID: 0}
  m_PrefabAsset: {fileID: 0}
  m_GameObject: {fileID: 6867802767458440722}
  m_Enabled: 1
  m_EditorHideFlags: 0
  m_Script: {fileID: 11500000, guid: a2fba25a5cd15594e8f050a11e386c80, type: 3}
  m_Name: 
  m_EditorClassIdentifier: 
  m_ConfineMode: 1
  m_BoundingVolume: {fileID: 0}
  m_BoundingShape2D: {fileID: 0}
  m_ConfineScreenEdges: 1
  m_Damping: 0.5
--- !u!114 &22314766838930224
MonoBehaviour:
  m_ObjectHideFlags: 0
  m_CorrespondingSourceObject: {fileID: 0}
  m_PrefabInstance: {fileID: 0}
  m_PrefabAsset: {fileID: 0}
  m_GameObject: {fileID: 6867802767458440722}
  m_Enabled: 1
  m_EditorHideFlags: 0
  m_Script: {fileID: 11500000, guid: 04205d1f948b8724f8cd769dc1cfa55a, type: 3}
  m_Name: 
  m_EditorClassIdentifier: 
--- !u!1 &8734210202872867947
GameObject:
  m_ObjectHideFlags: 0
  m_CorrespondingSourceObject: {fileID: 0}
  m_PrefabInstance: {fileID: 0}
  m_PrefabAsset: {fileID: 0}
  serializedVersion: 6
  m_Component:
  - component: {fileID: 510284223384816139}
  - component: {fileID: 7315969342943007924}
  - component: {fileID: 3591234519371969063}
  - component: {fileID: 342275525928199510}
  m_Layer: 0
  m_Name: cm
  m_TagString: Untagged
  m_Icon: {fileID: 0}
  m_NavMeshLayer: 0
  m_StaticEditorFlags: 0
  m_IsActive: 1
--- !u!4 &510284223384816139
Transform:
  m_ObjectHideFlags: 0
  m_CorrespondingSourceObject: {fileID: 0}
  m_PrefabInstance: {fileID: 0}
  m_PrefabAsset: {fileID: 0}
  m_GameObject: {fileID: 8734210202872867947}
  serializedVersion: 2
  m_LocalRotation: {x: -0, y: -0, z: -0, w: 1}
  m_LocalPosition: {x: 0, y: 0, z: 0}
  m_LocalScale: {x: 1, y: 1, z: 1}
  m_ConstrainProportionsScale: 0
  m_Children: []
  m_Father: {fileID: 5984461146925402656}
  m_LocalEulerAnglesHint: {x: 0, y: 0, z: 0}
--- !u!114 &7315969342943007924
MonoBehaviour:
  m_ObjectHideFlags: 0
  m_CorrespondingSourceObject: {fileID: 0}
  m_PrefabInstance: {fileID: 0}
  m_PrefabAsset: {fileID: 0}
  m_GameObject: {fileID: 8734210202872867947}
  m_Enabled: 1
  m_EditorHideFlags: 0
  m_Script: {fileID: 11500000, guid: ac0b09e7857660247b1477e93731de29, type: 3}
  m_Name: 
  m_EditorClassIdentifier: 
--- !u!114 &3591234519371969063
MonoBehaviour:
  m_ObjectHideFlags: 0
  m_CorrespondingSourceObject: {fileID: 0}
  m_PrefabInstance: {fileID: 0}
  m_PrefabAsset: {fileID: 0}
  m_GameObject: {fileID: 8734210202872867947}
  m_Enabled: 1
  m_EditorHideFlags: 0
  m_Script: {fileID: 11500000, guid: 6ad980451443d70438faac0bc6c235a0, type: 3}
  m_Name: 
  m_EditorClassIdentifier: 
  m_TrackedObjectOffset: {x: 0, y: 0, z: 1.5}
  m_LookaheadTime: 0
  m_LookaheadSmoothing: 0
  m_LookaheadIgnoreY: 0
  m_XDamping: 1
  m_YDamping: 1
  m_ZDamping: 1
  m_TargetMovementOnly: 1
  m_ScreenX: 0.5
  m_ScreenY: 0.5
  m_CameraDistance: 10
  m_DeadZoneWidth: 0
  m_DeadZoneHeight: 0
  m_DeadZoneDepth: 0
  m_UnlimitedSoftZone: 0
  m_SoftZoneWidth: 0.95
  m_SoftZoneHeight: 0.8
  m_BiasX: 0
  m_BiasY: 0
  m_CenterOnActivate: 1
  m_GroupFramingMode: 2
  m_AdjustmentMode: 0
  m_GroupFramingSize: 0.8
  m_MaxDollyIn: 5000
  m_MaxDollyOut: 5000
  m_MinimumDistance: 1
  m_MaximumDistance: 5000
  m_MinimumFOV: 3
  m_MaximumFOV: 60
  m_MinimumOrthoSize: 1
  m_MaximumOrthoSize: 5000
--- !u!114 &342275525928199510
MonoBehaviour:
  m_ObjectHideFlags: 0
  m_CorrespondingSourceObject: {fileID: 0}
  m_PrefabInstance: {fileID: 0}
  m_PrefabAsset: {fileID: 0}
  m_GameObject: {fileID: 8734210202872867947}
  m_Enabled: 1
  m_EditorHideFlags: 0
  m_Script: {fileID: 11500000, guid: 68bb026fafb42b14791938953eaace77, type: 3}
  m_Name: 
  m_EditorClassIdentifier: 
  m_NoiseProfile: {fileID: 11400000, guid: 69ce8388f6785dd4c8c39915efece2f4, type: 2}
  m_PivotOffset: {x: 0, y: 0, z: 0}
  m_AmplitudeGain: 0
  m_FrequencyGain: 1
  mNoiseOffsets: {x: -749.87646, y: 126.0253, z: -461.15503}
--- !u!1001 &4533728225316135080
PrefabInstance:
  m_ObjectHideFlags: 0
  serializedVersion: 2
  m_Modification:
    serializedVersion: 3
    m_TransformParent: {fileID: 7732006989134247398}
    m_Modifications:
    - target: {fileID: 4341603577138251999, guid: b9be9e18361d9e64fafc7341d692aeab,
        type: 3}
      propertyPath: m_Name
      value: RayCamera
      objectReference: {fileID: 0}
    - target: {fileID: 4485050968842438459, guid: b9be9e18361d9e64fafc7341d692aeab,
        type: 3}
      propertyPath: m_LocalPosition.x
      value: 0
      objectReference: {fileID: 0}
    - target: {fileID: 4485050968842438459, guid: b9be9e18361d9e64fafc7341d692aeab,
        type: 3}
      propertyPath: m_LocalPosition.y
      value: 11.24
      objectReference: {fileID: 0}
    - target: {fileID: 4485050968842438459, guid: b9be9e18361d9e64fafc7341d692aeab,
        type: 3}
      propertyPath: m_LocalPosition.z
      value: 0
      objectReference: {fileID: 0}
    - target: {fileID: 4485050968842438459, guid: b9be9e18361d9e64fafc7341d692aeab,
        type: 3}
      propertyPath: m_LocalRotation.w
      value: 0.7071068
      objectReference: {fileID: 0}
    - target: {fileID: 4485050968842438459, guid: b9be9e18361d9e64fafc7341d692aeab,
        type: 3}
      propertyPath: m_LocalRotation.x
      value: 0.7071068
      objectReference: {fileID: 0}
    - target: {fileID: 4485050968842438459, guid: b9be9e18361d9e64fafc7341d692aeab,
        type: 3}
      propertyPath: m_LocalRotation.y
      value: -0
      objectReference: {fileID: 0}
    - target: {fileID: 4485050968842438459, guid: b9be9e18361d9e64fafc7341d692aeab,
        type: 3}
      propertyPath: m_LocalRotation.z
      value: -0
      objectReference: {fileID: 0}
    - target: {fileID: 4485050968842438459, guid: b9be9e18361d9e64fafc7341d692aeab,
        type: 3}
      propertyPath: m_LocalEulerAnglesHint.x
      value: 90
      objectReference: {fileID: 0}
    - target: {fileID: 4485050968842438459, guid: b9be9e18361d9e64fafc7341d692aeab,
        type: 3}
      propertyPath: m_LocalEulerAnglesHint.y
      value: 0
      objectReference: {fileID: 0}
    - target: {fileID: 4485050968842438459, guid: b9be9e18361d9e64fafc7341d692aeab,
        type: 3}
      propertyPath: m_LocalEulerAnglesHint.z
      value: 0
      objectReference: {fileID: 0}
    - target: {fileID: 7938826640418728933, guid: b9be9e18361d9e64fafc7341d692aeab,
        type: 3}
      propertyPath: player
      value: 
      objectReference: {fileID: 7641802235275805737}
    m_RemovedComponents: []
    m_RemovedGameObjects: []
    m_AddedGameObjects: []
    m_AddedComponents: []
  m_SourcePrefab: {fileID: 100100000, guid: b9be9e18361d9e64fafc7341d692aeab, type: 3}
--- !u!4 &59976002419386259 stripped
Transform:
  m_CorrespondingSourceObject: {fileID: 4485050968842438459, guid: b9be9e18361d9e64fafc7341d692aeab,
    type: 3}
  m_PrefabInstance: {fileID: 4533728225316135080}
  m_PrefabAsset: {fileID: 0}
--- !u!20 &7259653933233948872 stripped
Camera:
  m_CorrespondingSourceObject: {fileID: 6508951628292040800, guid: b9be9e18361d9e64fafc7341d692aeab,
    type: 3}
  m_PrefabInstance: {fileID: 4533728225316135080}
  m_PrefabAsset: {fileID: 0}
--- !u!1001 &7190766722568989568
PrefabInstance:
  m_ObjectHideFlags: 0
  serializedVersion: 2
  m_Modification:
    serializedVersion: 3
    m_TransformParent: {fileID: 7732006989134247398}
    m_Modifications:
    - target: {fileID: 704706248754999209, guid: ac9e7f105c3c1954cae9f756509ba1a1,
        type: 3}
      propertyPath: m_Name
      value: Player
      objectReference: {fileID: 0}
    - target: {fileID: 1946246292772799393, guid: ac9e7f105c3c1954cae9f756509ba1a1,
        type: 3}
      propertyPath: confiner
      value: 
      objectReference: {fileID: 6319441520312237765}
    - target: {fileID: 1956528744036299905, guid: ac9e7f105c3c1954cae9f756509ba1a1,
        type: 3}
      propertyPath: m_IsActive
      value: 0
      objectReference: {fileID: 0}
    - target: {fileID: 3586545428911840048, guid: ac9e7f105c3c1954cae9f756509ba1a1,
        type: 3}
      propertyPath: m_TargetCamera
      value: 
      objectReference: {fileID: 7869910675949450061}
    - target: {fileID: 5269034291707332790, guid: ac9e7f105c3c1954cae9f756509ba1a1,
        type: 3}
      propertyPath: m_IsActive
      value: 0
      objectReference: {fileID: 0}
    - target: {fileID: 6192968111591330519, guid: ac9e7f105c3c1954cae9f756509ba1a1,
        type: 3}
      propertyPath: m_LocalScale.x
      value: 1
      objectReference: {fileID: 0}
    - target: {fileID: 6192968111591330519, guid: ac9e7f105c3c1954cae9f756509ba1a1,
        type: 3}
      propertyPath: m_LocalScale.y
      value: 1
      objectReference: {fileID: 0}
    - target: {fileID: 6192968111591330519, guid: ac9e7f105c3c1954cae9f756509ba1a1,
        type: 3}
      propertyPath: m_LocalScale.z
      value: 1
      objectReference: {fileID: 0}
    - target: {fileID: 6707519845635578994, guid: ac9e7f105c3c1954cae9f756509ba1a1,
        type: 3}
      propertyPath: animator
      value: 
      objectReference: {fileID: 6565739495970490481}
    - target: {fileID: 6907904774947078074, guid: ac9e7f105c3c1954cae9f756509ba1a1,
        type: 3}
      propertyPath: cam
      value: 
      objectReference: {fileID: 7259653933233948872}
    - target: {fileID: 8094187944080015194, guid: ac9e7f105c3c1954cae9f756509ba1a1,
        type: 3}
      propertyPath: rayCam
      value: 
      objectReference: {fileID: 7259653933233948872}
    - target: {fileID: 8094187944080015194, guid: ac9e7f105c3c1954cae9f756509ba1a1,
        type: 3}
      propertyPath: mainCam
      value: 
      objectReference: {fileID: 7869910675949450061}
    - target: {fileID: 8582131400957810789, guid: ac9e7f105c3c1954cae9f756509ba1a1,
        type: 3}
      propertyPath: m_LocalPosition.x
      value: 2.26
      objectReference: {fileID: 0}
    - target: {fileID: 8582131400957810789, guid: ac9e7f105c3c1954cae9f756509ba1a1,
        type: 3}
      propertyPath: m_LocalPosition.y
      value: 1
      objectReference: {fileID: 0}
    - target: {fileID: 8582131400957810789, guid: ac9e7f105c3c1954cae9f756509ba1a1,
        type: 3}
      propertyPath: m_LocalPosition.z
      value: 6.6
      objectReference: {fileID: 0}
    - target: {fileID: 8582131400957810789, guid: ac9e7f105c3c1954cae9f756509ba1a1,
        type: 3}
      propertyPath: m_LocalRotation.w
      value: 0.49999994
      objectReference: {fileID: 0}
    - target: {fileID: 8582131400957810789, guid: ac9e7f105c3c1954cae9f756509ba1a1,
        type: 3}
      propertyPath: m_LocalRotation.x
      value: 0
      objectReference: {fileID: 0}
    - target: {fileID: 8582131400957810789, guid: ac9e7f105c3c1954cae9f756509ba1a1,
        type: 3}
      propertyPath: m_LocalRotation.y
      value: 0.86602545
      objectReference: {fileID: 0}
    - target: {fileID: 8582131400957810789, guid: ac9e7f105c3c1954cae9f756509ba1a1,
        type: 3}
      propertyPath: m_LocalRotation.z
      value: 0
      objectReference: {fileID: 0}
    - target: {fileID: 8582131400957810789, guid: ac9e7f105c3c1954cae9f756509ba1a1,
        type: 3}
      propertyPath: m_LocalEulerAnglesHint.x
      value: 0
      objectReference: {fileID: 0}
    - target: {fileID: 8582131400957810789, guid: ac9e7f105c3c1954cae9f756509ba1a1,
        type: 3}
      propertyPath: m_LocalEulerAnglesHint.y
      value: 120
      objectReference: {fileID: 0}
    - target: {fileID: 8582131400957810789, guid: ac9e7f105c3c1954cae9f756509ba1a1,
        type: 3}
      propertyPath: m_LocalEulerAnglesHint.z
      value: 0
      objectReference: {fileID: 0}
    m_RemovedComponents: []
    m_RemovedGameObjects: []
    m_AddedGameObjects: []
    m_AddedComponents:
    - targetCorrespondingSourceObject: {fileID: 4492779213023487294, guid: ac9e7f105c3c1954cae9f756509ba1a1,
        type: 3}
      insertIndex: -1
      addedObject: {fileID: 6565739495970490481}
  m_SourcePrefab: {fileID: 100100000, guid: ac9e7f105c3c1954cae9f756509ba1a1, type: 3}
--- !u!4 &1500656584093365221 stripped
Transform:
  m_CorrespondingSourceObject: {fileID: 8582131400957810789, guid: ac9e7f105c3c1954cae9f756509ba1a1,
    type: 3}
  m_PrefabInstance: {fileID: 7190766722568989568}
  m_PrefabAsset: {fileID: 0}
--- !u!1 &6742789003011591870 stripped
GameObject:
  m_CorrespondingSourceObject: {fileID: 4492779213023487294, guid: ac9e7f105c3c1954cae9f756509ba1a1,
    type: 3}
  m_PrefabInstance: {fileID: 7190766722568989568}
  m_PrefabAsset: {fileID: 0}
--- !u!95 &6565739495970490481
Animator:
  serializedVersion: 5
  m_ObjectHideFlags: 0
  m_CorrespondingSourceObject: {fileID: 0}
  m_PrefabInstance: {fileID: 0}
  m_PrefabAsset: {fileID: 0}
  m_GameObject: {fileID: 6742789003011591870}
  m_Enabled: 1
  m_Avatar: {fileID: 0}
  m_Controller: {fileID: 9100000, guid: 8970ac1695b1c8943987427602a90df2, type: 2}
  m_CullingMode: 0
  m_UpdateMode: 0
  m_ApplyRootMotion: 0
  m_LinearVelocityBlending: 0
  m_StabilizeFeet: 0
  m_WarningMessage: 
  m_HasTransformHierarchy: 1
  m_AllowConstantClipSamplingOptimization: 1
  m_KeepAnimatorStateOnDisable: 0
  m_WriteDefaultValuesOnDisable: 0
--- !u!1 &7641802235275805737 stripped
GameObject:
  m_CorrespondingSourceObject: {fileID: 704706248754999209, guid: ac9e7f105c3c1954cae9f756509ba1a1,
    type: 3}
  m_PrefabInstance: {fileID: 7190766722568989568}
  m_PrefabAsset: {fileID: 0}
